@incollection {BYUN02,
   author = {Byun, Hyeran and Lee, Seong-Whan},
   affiliation = {Yonsei University Department of Computer Science Shinchon-dong, Seodaemun-gu Seoul 120-749 Korea},
   title = {Applications of Support Vector Machines for Pattern Recognition: A Survey},
   booktitle = {Pattern Recognition with Support Vector Machines},
   series = {Lecture Notes in Computer Science},
   editor = {Lee, Seong-Whan and Verri, Alessandro},
   publisher = {Springer Berlin / Heidelberg},
   isbn = {},
   pages = {571-591},
   volume = {2388},
   year = {2002}
}

@InProceedings{ MIHALCEA02,
	author = "Rada Mihalcea",
	booktitle = "CICLing",
	editor = "Alexander F. Gelbukh",
	pages = "339--348",
	publisher = "Springer",
	series = "Lecture Notes in Computer Science",
	title = "Diacritics Restoration: Learning from Letters versus Learning from Words.",
	volume = 2276,
	year = 2002,
}

@InProceedings{ GALICIA99,
	author = "Sof{\'i}a N. Galicia-Haro and Igor A. Bolshakov and Alexander F. Gelbukh",
	booktitle = "TSD",
	crossref = "conf/tsd/1999",
	editor = "V{\'a}clav Matousek and Pavel Mautner and Jana Ocel{\'i}kov{\'a} and Petr Sojka",
	interhash = "84e15a6e612ce6104dfe7c6af1b2a5c7",
	intrahash = "1f3a511227ebe8d8a74a88fd09785f8e",
	pages = "219--222",
	publisher = "Springer",
	series = "Lecture Notes in Computer Science",
	title = "A Simple Spanish Part of Speech Tagger for Detection and Correction of Accentuation Error.",
	volume = 1692,
	year = 1999,
	keywords = "dblp",
	ee = "http://link.springer.de/link/service/series/0558/bibs/1692/16920219.htm",
	added-at = "2004-03-15T00:00:00.000+0100",
	description = "dblp",
	isbn = "3-540-66494-7",
	biburl = "http://www.bibsonomy.org/bibtex/21f3a511227ebe8d8a74a88fd09785f8e/dblp",
	date = "2004-03-15"
}

@InProceedings{ JOACHIMS99,
	author = "Thorsten Joachims",
	booktitle = "Advances in Kernel Methods - Support Vector Learning",
	editor = {B. Sch{\"o}lkopf and C. Burges and A. Smola},
	interhash = "f97179c7ebe10f64411417f9e05563a8",
	intrahash = "596890ca2728ddb94dc9695b19083b82",
	publisher = "MIT Press, Cambridge, MA, USA",
	title = "Making Large-Scale {SVM} Learning Practical",
	year = 1999,
	timestamp = "2011-02-11T16:36:18.000+0100",
	keywords = "kernel svm",
	added-at = "2011-02-11T16:36:18.000+0100",
	biburl = "http://www.bibsonomy.org/bibtex/2596890ca2728ddb94dc9695b19083b82/utahell"
}

@Article{ RAGHAVAN89,
	author = "Vijay Raghavan and Peter Bollmann and Gwang S. Jung",
	title = "A critical investigation of recall and precision as measures of retrieval system performance",
	journal = "ACM Trans. Inf. Syst.",
	volume = "7",
	year = "1989",
	issn = "1046-8188",
	pages = "205--229",
	doi = "http://doi.acm.org/10.1145/65943.65945",
	publisher = "ACM",
	address = "New York, NY, USA",
	acmid = "65945",
	issue = "3",
	numpages = "25"
}

@Book{ BIRD09,
	address = "Beijing",
	author = "Steven Bird and Ewan Klein and Edward Loper",
	publisher = "O'Reilly",
	title = "Natural Language Processing with Python: Analyzing Text with the Natural Language Toolkit",
	year = 2009,
	keywords = "python text software ai development v1010 safari book processing language framework",
	isbn = "978-0-596-51649-9",
	abstract = "This book offers a highly accessible introduction to Natural Language Processing, the field that underpins a variety of language technologies ranging from predictive text and email filtering to automatic summarization and translation. Using NLTK, you'll learn how to write Python programs to analyze the structure and meaning of texts, drawing on techniques from the fields of linguistics and artificial intelligence.",
	added-at = "2010-10-31T22:40:09.000+0100",
	biburl = "http://www.bibsonomy.org/bibtex/2c90dc59441d01c8bef58a947274164d4/flint63",
	file = "Safari:http\://acmsel.safaribooksonline.com/9780596516499:URL;O'Reilly Product page:http\://www.oreilly.com/catalog/9780596516499/:URL;Amazon Search inside:http\://www.amazon.de/gp/reader/0596516495/:URL;Google Books:http\://books.google.de/books?isbn=978-0-596-51649-9:URL;Related Web Site:http\://www.nltk.org/:URL",
	interhash = "5408d7da097b9cd81239c238da8bfaf4",
	intrahash = "c90dc59441d01c8bef58a947274164d4",
	timestamp = "2010-10-31T22:40:09.000+0100"
}

@InProceedings{ MAKHOUL99,
	author = "John Makhoul and Francis Kubala and Richard Schwartz and Ralph Weischedel",
	booktitle = "Proceedings,DARPA broadcast news workshop",
	title = "Performance Measures For Information Extraction",
	year = "1999"
}

@inproceedings{DAELEMANS96,
    author = {Daelemans, Walter and Zavrel, Jakub and Berck, Peter and Gillis, Steven},
    booktitle = {Proceedings of the Fourth Workshop on Very Large Corpora},
    citeulike-article-id = {7748569},
    citeulike-linkout-0 = {http://acl.ldc.upenn.edu/W/W96/W96-0102.pdf},
    editor = {Ejerhed, Eva and Dagan, Ido},
    keywords = {pos\_tagging},
    location = {Copenhagen, Denmark},
    pages = {14--27},
    posted-at = {2010-08-30 23:12:42},
    priority = {2},
    title = {{MBT}: A Memory-Based Part of Speech Tagger-Generator},
    year = {1996}
}

@Article{ CORTES95,
	author = "Corinna Cortes and Vladimir Vapnik",
	title = "Support-Vector Networks",
	journal = "Machine Learning",
	volume = "20",
	issue = "3",
	year = "1995",
	issn = "0885-6125",
	pages = "273--297",
	numpages = "25",
	doi = "10.1023/A:1022627411411",
	acmid = "218929",
	publisher = "Kluwer Academic Publishers",
	address = "Hingham, MA, USA",
	keywords = "efficient learning algorithms, neural networks, pattern recognition, polynomial classifiers, radial basis function classifiers"
}

@Unpublished{ CRANDALL95,
	author = "David Crandall",
	title = "Automatic accent restoration in Spanish text",
	year = 1995
}

@InProceedings{ GIMENEZ04,
	author = "Jes{\'u}s Gim{\'e}nez and Llu{\'i}s M{\`a}rquez",
	title = "{SVMTool}: A general pos tagger generator based on support vector machines",
	booktitle = "In Proceedings of the 4th International Conference on Language Resources and Evaluation",
	year = "2004",
	pages = "43--46"
}

@Manual{ GIMENEZ06,
	title = "SVMTool: Technical manual v1.3",
	author = "Jes{\'u}s Gim{\'e}nez and Llu{\'i}s M{\`a}rquez",
	year = "2006"
}

@Manual{ JOACHIMS08,
	title = "SVMlight: Support Vector Machine",
	author = "Thorsten Joachims",
	note = "{University of Dortmund}",
	year = "2008"
}

@InProceedings{ LAFFERTY01,
	author = "John D. Lafferty and Andrew McCallum and Fernando C. N. Pereira",
	title = "Conditional Random Fields: Probabilistic Models for Segmenting and Labeling Sequence Data",
	booktitle = "Proceedings of the Eighteenth International Conference on Machine Learning",
	series = "ICML '01",
	year = "2001",
	isbn = "1-55860-778-1",
	pages = "282--289",
	numpages = "8",
	acmid = "655813",
	publisher = "Morgan Kaufmann Publishers Inc.",
	address = "San Francisco, CA, USA"
}

@PhDThesis{ MATA07,
	title = "Etiquetado Estad{\'i}stico de Roles Sem{\'a}nticos",
	author = "Ferm{\'i}n Cruz Mata",
	school = "Universidad de Sevilla",
	year = "2007"
}

@misc{ MCCALLUM02,
	author = "Andrew McCallum",
	interhash = "a41946adb992cd2c89158609adc0d83f",
	intrahash = "802d343a30605ab8dfa861256bdab0f4",
	title = "{MALLET}: A Machine Learning for Language Toolkit",
	howpublished={Disponible en \hbox{\url{http://mallet.cs.umass.edu}}}}
	year = 2002,
	timestamp = "2011-03-09T04:36:39.000+0100",
	keywords = "imported",
	added-at = "2011-03-09T04:36:39.000+0100",
	biburl = "http://www.bibsonomy.org/bibtex/2802d343a30605ab8dfa861256bdab0f4/kabloom"
}

@InProceedings{ NAKAGAWA01,
	author = "Tetsuji Nakagawa and Taku Kudo and Yuji Matsumoto",
	booktitle = "{Proceedings of the Sixth Natural Language Processing Pacific Rim Symposium}",
	interhash = "240fefee9d0da61985aa9b048995d240",
	intrahash = "f22475d113a30f257e41be3c420a484f",
	title = "{Unknown Word Guessing and Part-of-Speech Tagging Using Support Vector Machines}",
	year = 2001,
	keywords = "imported",
	added-at = "2006-03-09T15:13:30.000+0100",
	description = "The big one",
	biburl = "http://www.bibsonomy.org/bibtex/2f22475d113a30f257e41be3c420a484f/diana"
}

@InProceedings{ SIMARD98,
	author = "Michel Simard",
	booktitle = "{Proceedings of the Conference on Empirical Methods in Natural Language Processing}",
	note = "{EMNLP}-3",
	title = "{Automatic Insertion of Accents in French Text}",
	year = 1998
}

@Misc{ RAE,
	author = "Real Academia Espa{\~n}ola",
	title = "Diccionario de la lengua espa{\~n}ola",
	note = "Vig{\'e}sima segunda edici{\'o}n"
}

@Book{ VECIANA04,
	title = "La acentuaci{\'o}n espa{\~n}ola: Nuevo manual de las normas acentuales",
	author = "Roberto Veciana",
	publisher = "Universidad de Cantabria",
	year = "2004"
}

@techreport{WALLACH04,
  address = {Philadelphia},
  author = {Hanna M. Wallach},
  institution = {University of Pennsylvania},
  interhash = {94f59fe17df5d488fde7049f7621eb01},
  intrahash = {1c39a449d0a81059468705bcfe9eaddd},
  number = {MS-CIS-04-21},
  title = {Conditional Random Fields: An Introduction},
  year = 2004,
  timestamp = {2010-11-29T20:01:17.000+0100},
  keywords = {crf statistical},
  added-at = {2010-11-29T20:01:17.000+0100},
  biburl = {http://www.bibsonomy.org/bibtex/21c39a449d0a81059468705bcfe9eaddd/arnsholt}
}

@inproceedings{YAROWSKY94,
 author = {Yarowsky, David},
 title = {Decision lists for lexical ambiguity resolution: application to accent restoration in Spanish and French},
 booktitle = {Proceedings of the 32nd annual meeting on Association for Computational Linguistics},
 series = {ACL '94},
 year = {1994},
 location = {Las Cruces, New Mexico},
 pages = {88--95},
 numpages = {8},
 acmid = {981745},
 publisher = {Association for Computational Linguistics},
 address = {Stroudsburg, PA, USA},
} 


@inproceedings{YAROWSKY94-2,
 author = {Yarowsky, David},
 title = {A Comparison of Corpus-based Techniques for Restoring Accents in Spanish and French Text},
 booktitle = {Proceedings, 2nd Annual Workshop on Very Large Corpora},
  year = {1994},
 location = {Kyoto},
 pages = {19--32},
 numpages = {13},
} 
